@book{hayashi2011econometrics,
  title={Econometrics},
  author={Hayashi, Fumio},
  year={2011},
  publisher={Princeton University Press}
}

@book{neter1983applied,
  title={Applied linear regression models},
  author={Neter, John and Wasserman, William and Kutner, Michael H},
  year={1983},
  publisher={Richard D. Irwin}
}

@article{hahn1977fitting,
  title={Fitting regression models with no intercept term},
  author={Hahn, Gerald J},
  journal={Journal of Quality Technology},
  volume={9},
  number={2},
  pages={56--61},
  year={1977},
  publisher={Taylor \& Francis}
}

@article{gordon1981errors,
  title={Errors in computer packages. Least squares regression through the origin},
  author={Gordon, HA},
  journal={Journal of the Royal Statistical Society Series D: The Statistician},
  volume={30},
  number={1},
  pages={23--29},
  year={1981},
  publisher={Oxford University Press}
}

@article{eisenhauer2003regression,
  title={Regression through the origin},
  author={Eisenhauer, Joseph G},
  journal={Teaching statistics},
  volume={25},
  number={3},
  pages={76--80},
  year={2003},
  publisher={Wiley Online Library}
}